<record><leader>00000cas a22000007a 4500</leader><controlfield tag="001">12854263</controlfield><controlfield tag="008">851127c19699999txudr ne      0   a0eng d</controlfield><datafield ind1=" " ind2=" " tag="010"><subfield code="a">sn 88083862 </subfield></datafield><datafield ind1=" " ind2=" " tag="040"><subfield code="a">TAI</subfield><subfield code="b">eng</subfield><subfield code="c">TAI</subfield><subfield code="d">PPM</subfield><subfield code="d">OCLCQ</subfield><subfield code="d">OCLCF</subfield><subfield code="d">OCLCO</subfield></datafield><datafield ind1=" " ind2=" " tag="042"><subfield code="a">msc</subfield></datafield><datafield ind1=" " ind2=" " tag="043"><subfield code="a">n-us-tx</subfield></datafield><datafield ind1="0" ind2="0" tag="245"><subfield code="a">Alice echo-news.</subfield></datafield><datafield ind1=" " ind2=" " tag="260"><subfield code="a">Alice, Tex. :</subfield><subfield code="b">[s.n.],</subfield><subfield code="c">1969-</subfield></datafield><datafield ind1=" " ind2=" " tag="300"><subfield code="a">v. :</subfield><subfield code="b">ill. ;</subfield><subfield code="c">58 cm.</subfield></datafield><datafield ind1=" " ind2=" " tag="310"><subfield code="a">Daily</subfield></datafield><datafield ind1="0" ind2=" " tag="362"><subfield code="a">Vol. 74, no. 234 (May 9, l969)-</subfield></datafield><datafield ind1=" " ind2="0" tag="650"><subfield code="a">American newspapers</subfield><subfield code="z">Texas</subfield><subfield code="z">Alice.</subfield></datafield><datafield ind1=" " ind2="7" tag="650"><subfield code="a">American newspapers.</subfield><subfield code="2">fast</subfield><subfield code="0">(OCoLC)fst00807293</subfield></datafield><datafield ind1=" " ind2="7" tag="651"><subfield code="a">Texas</subfield><subfield code="z">Alice.</subfield><subfield code="2">fast</subfield><subfield code="0">(OCoLC)fst01223374</subfield></datafield><datafield ind1=" " ind2=" " tag="752"><subfield code="a">United States</subfield><subfield code="b">Texas</subfield><subfield code="c">Jim Wells</subfield><subfield code="d">Alice.</subfield></datafield><datafield ind1="0" ind2="0" tag="780"><subfield code="t">Alice daily echo and alice news</subfield><subfield code="w">(DLC)sn 88084165</subfield></datafield></record>